
<record>
  <controlfield tag="001">1740604</controlfield>
  <datafield tag="024" ind1="7" ind2=" ">
    <subfield code="2">DOI</subfield>
    <subfield code="9">EDP Sciences</subfield>
    <subfield code="a">10.1051/epjconf/201921207002</subfield>
  </datafield>
  <datafield tag="035" ind1=" " ind2=" ">
    <subfield code="9">INSPIRETeX</subfield>
    <subfield code="a">Solodov:2019lmm</subfield>
  </datafield>
  <datafield tag="035" ind1=" " ind2=" ">
    <subfield code="9">DESY</subfield>
    <subfield code="z">DA19-kp26bf</subfield>
  </datafield>
  <datafield tag="245" ind1=" " ind2=" ">
    <subfield code="9">EDP Sciences</subfield>
    <subfield code="a">The NNbar and multihadron production at the threshold at VEPP2000</subfield>
  </datafield>
</record>