
<record>
  <controlfield tag="001">1740597</controlfield>
  <datafield tag="024" ind1="7" ind2=" ">
    <subfield code="2">DOI</subfield>
    <subfield code="9">EDP Sciences</subfield>
    <subfield code="a">10.1051/epjconf/201921204012</subfield>
  </datafield>
  <datafield tag="035" ind1=" " ind2=" ">
    <subfield code="9">INSPIRETeX</subfield>
    <subfield code="a">Tolmachev:2019abb</subfield>
  </datafield>
  <datafield tag="035" ind1=" " ind2=" ">
    <subfield code="9">DESY</subfield>
    <subfield code="z">DA19-kp26bf</subfield>
  </datafield>
  <datafield tag="245" ind1=" " ind2=" ">
    <subfield code="9">EDP Sciences</subfield>
    <subfield code="a">Study of the process $e^+e^- \to \pi^+ \pi^-\gamma$ with the CMD-3 detector at the $e^+e^-$ collider VEPP-2000</subfield>
  </datafield>
</record>