
<record>
  <controlfield tag="001">1740583</controlfield>
  <datafield tag="024" ind1="7" ind2=" ">
    <subfield code="2">DOI</subfield>
    <subfield code="9">EDP Sciences</subfield>
    <subfield code="a">10.1051/epjconf/201921203008</subfield>
  </datafield>
  <datafield tag="035" ind1=" " ind2=" ">
    <subfield code="9">INSPIRETeX</subfield>
    <subfield code="a">Kozyrev:2019ial</subfield>
  </datafield>
  <datafield tag="035" ind1=" " ind2=" ">
    <subfield code="9">DESY</subfield>
    <subfield code="z">DA19-kp26aw</subfield>
  </datafield>
  <datafield tag="245" ind1=" " ind2=" ">
    <subfield code="9">EDP Sciences</subfield>
    <subfield code="a">An amplitude analysis of the process $e^+e^- \to 4 \pi$ in the center-of-mass energy range 900–2000 MeV with the CMD3 detector at the VEPP-2000 $e^+e^-$ collider</subfield>
  </datafield>
</record>