
<record>
  <controlfield tag="001">1729455</controlfield>
  <datafield tag="024" ind1="7" ind2=" ">
    <subfield code="2">DOI</subfield>
    <subfield code="9">SciPost Fundation</subfield>
    <subfield code="a">10.21468/SciPostPhysProc.1.034</subfield>
  </datafield>
  <datafield tag="035" ind1=" " ind2=" ">
    <subfield code="9">INSPIRETeX</subfield>
    <subfield code="a">Achasov:2019umi</subfield>
  </datafield>
  <datafield tag="035" ind1=" " ind2=" ">
    <subfield code="9">DESY</subfield>
    <subfield code="z">DA19-kp17an</subfield>
  </datafield>
  <datafield tag="245" ind1=" " ind2=" ">
    <subfield code="9">SciPost Fundation</subfield>
    <subfield code="a">Experimental input from $e^+e^-$ machines to hadronic contribution to muon (g-2)</subfield>
  </datafield>
</record>